<record><leader>00000cas a22000007a 4500</leader><controlfield tag="001">11594288</controlfield><controlfield tag="008">850118d1872188ucaucr ne      0    0eng d</controlfield><datafield ind1=" " ind2=" " tag="010"><subfield code="a">sn 85025153 </subfield></datafield><datafield ind1=" " ind2=" " tag="040"><subfield code="a">NPX</subfield><subfield code="b">eng</subfield><subfield code="c">NPX</subfield><subfield code="d">NNX</subfield><subfield code="d">CNK</subfield><subfield code="d">OCL</subfield><subfield code="d">OCLCQ</subfield><subfield code="d">OCLCF</subfield><subfield code="d">CNK</subfield><subfield code="d">OCLCO</subfield></datafield><datafield ind1=" " ind2=" " tag="042"><subfield code="a">msc</subfield></datafield><datafield ind1=" " ind2=" " tag="043"><subfield code="a">n-us-ca</subfield></datafield><datafield ind1="0" ind2=" " tag="130"><subfield code="a">Truckee Republican (Truckee, Calif. : 1872)</subfield></datafield><datafield ind1="1" ind2="0" tag="245"><subfield code="a">Truckee Republican.</subfield></datafield><datafield ind1="1" ind2="3" tag="246"><subfield code="a">Truckee tri-weekly Republican</subfield><subfield code="f">Apr. 30, 1872-Dec. 30, 1873</subfield></datafield><datafield ind1="1" ind2="3" tag="246"><subfield code="a">Tri-weekly Republican</subfield><subfield code="f">Jan. 3, 1874-Oct. 27, 1874</subfield></datafield><datafield ind1=" " ind2=" " tag="260"><subfield code="a">Truckee, Nev. County, Cal. :</subfield><subfield code="b">Frink &amp; Hayden</subfield></datafield><datafield ind1=" " ind2=" " tag="300"><subfield code="a">v.</subfield></datafield><datafield ind1=" " ind2=" " tag="310"><subfield code="a">Semiweekly,</subfield><subfield code="b">Dec. 2, 1874-</subfield></datafield><datafield ind1=" " ind2=" " tag="321"><subfield code="a">Triweekly,</subfield><subfield code="b">Apr. 30, 1872-Nov. 24, 1874</subfield></datafield><datafield ind1="0" ind2=" " tag="362"><subfield code="a">Vol. 1, no. 1 (Apr. 30, 1872)-</subfield></datafield><datafield ind1=" " ind2=" " tag="515"><subfield code="a">Suspended with Nov. 24, 1874 issue; resumed with Dec. 2, 1874 issue.</subfield></datafield><datafield ind1=" " ind2=" " tag="530"><subfield code="a">Master negatives are available for duplication from:</subfield><subfield code="b">California Newspaper Microfilm Archive;</subfield><subfield code="c">for further information consult the CNMA at:</subfield><subfield code="u">http://cbsr.ucr.edu.</subfield></datafield><datafield ind1=" " ind2="0" tag="651"><subfield code="a">Truckee (Calif.)</subfield><subfield code="v">Newspapers.</subfield></datafield><datafield ind1=" " ind2="7" tag="651"><subfield code="a">California</subfield><subfield code="z">Truckee.</subfield><subfield code="2">fast</subfield><subfield code="0">(OCoLC)fst01219045</subfield></datafield><datafield ind1=" " ind2="7" tag="655"><subfield code="a">Newspapers.</subfield><subfield code="2">fast</subfield><subfield code="0">(OCoLC)fst01423814</subfield></datafield><datafield ind1=" " ind2=" " tag="752"><subfield code="a">United States</subfield><subfield code="b">California</subfield><subfield code="c">Nevada</subfield><subfield code="d">Truckee.</subfield></datafield><datafield ind1="0" ind2="0" tag="780"><subfield code="t">Grass Valley Republican</subfield><subfield code="w">(DLC)sn 93050997</subfield></datafield><datafield ind1="0" ind2="0" tag="785"><subfield code="t">Truckee semi-weekly Republican (Truckee, Calif. : 1881)</subfield><subfield code="w">(DLC)sn 82015729</subfield></datafield></record>